@COVID{COVID19,
author = {Guidotti, Emanuele and Ardia, David},
year = {2020},
month = {04},
pages = {},
title = {COVID-19 Data Hub},
doi = {10.13140/RG.2.2.11649.81763}
}